<?xml version="1.0" encoding="UTF-8" ?>
<collection xmlns:xsi="http://www.w3.org/2001/XMLSchema-instance"
    xsi:schemaLocation="http://www.loc.gov/MARC21/slim
        http://www.loc.gov/standards/marcxml/schema/MARC21slim.xsd"
    xmlns="http://www.loc.gov/MARC21/slim">
<record>
  <leader>00317cam a2200637 ia4500</leader>
  <controlfield tag="001">b12429934</controlfield>
  <controlfield tag="003">LeBAU</controlfield>
  <controlfield tag="005">20190717</controlfield>
  <controlfield tag="008">970426m19261929ua              0   ara d</controlfield>
  <datafield tag="035" ind1=" " ind2=" ">
    <subfield code="a">ocn784312083</subfield>
  </datafield>
  <datafield tag="040" ind1=" " ind2=" ">
    <subfield code="a">LEAUB</subfield>
    <subfield code="b">ara</subfield>
    <subfield code="e">rda</subfield>
    <subfield code="c">LEAUB</subfield>
    <subfield code="d">LEAUB</subfield>
  </datafield>
  <datafield tag="082" ind1="0" ind2="4">
    <subfield code="a">349.297</subfield>
    <subfield code="2">20</subfield>
  </datafield>
  <datafield tag="100" ind1="1" ind2=" ">
    <subfield code="6">880-01</subfield>
    <subfield code="a">Ibn Qudāmah, Muwaffaq al-Dīn ʻAbd Allāh ibn Aḥmad,</subfield>
    <subfield code="d">1147-1223.</subfield>
    <subfield code="e">author.</subfield>
    <subfield code="0">https://lccn.loc.gov/n83066615 ,</subfield>
  </datafield>
  <datafield tag="245" ind1="1" ind2="0">
    <subfield code="6">880-02</subfield>
    <subfield code="a">al-Mughnī /</subfield>
    <subfield code="c">ta’līf al-shaykh al-imām al-ʻallāmah muwaffiq al-Dīn Abī Muḥammad ʻAbd Allāh ibn Aḥmad ibn Muḥammad ibn Qudāmah, al-mutawaffá sanat 620 ʻalá mukhtaṣar Abī al-Qāsim ʻUmar ibn al-Ḥusayn ibn ʻAbd Allāh ibn Aḥmad al-Khiraqī, al-mutawaffá sanat 334 H. Wa-yalīh al-Sharḥ al-kabīr ʻalá matn al-Muqniʻ / ta’līf al-shaykh al-imām Shams al-Dīn Abī al-Faraj ʻAbd al-Raḥmān ibn al-shaykh al-ʻālim al-ʻāmil al-zāhid Abī ʻUmar Muḥammad ibn Aḥmad ibn Qudāmah al-Maqdisī, al-mutawaffá sanat 682, kilāhumā ʻalá madhhab imām al-aʼimmah Abī ʻAbd Allāh ibn Muḥammad ibn Ḥanbal al-Shībānī, maʻa bayān khilāf sāʼir al-aʼimmah wa-adillatihim ; ashrafa ʻalá taṣḥīḥihā wa-ʻallaqa ʻalayhā baʻḍ al-ḥawāshī al-mutammimah li-takhrīj aḥādīthihā wa-madārik al-madhāhib al-Sayyid Muḥammad Rashīd Riḍā, munshiʼ Majallat al-Manār.</subfield>
  </datafield>
  <datafield tag="250" ind1=" " ind2=" ">
    <subfield code="6">880-03</subfield>
    <subfield code="a">al-Ṭabʻah al-ūlá.</subfield>
  </datafield>
  <datafield tag="264" ind1=" " ind2="1">
    <subfield code="6">880-04</subfield>
    <subfield code="a">Miṣr :</subfield>
    <subfield code="b">Maṭbaʻat al-Manār,</subfield>
    <subfield code="c">1345-1348 H., [1926-1929? M.]</subfield>
  </datafield>
  <datafield tag="300" ind1=" " ind2=" ">
    <subfield code="6">880-05</subfield>
    <subfield code="a">12 volumes ;</subfield>
    <subfield code="c">28 cm</subfield>
  </datafield>
  <datafield tag="336" ind1=" " ind2=" ">
    <subfield code="a">text</subfield>
    <subfield code="b">txt</subfield>
    <subfield code="2">rdacontent</subfield>
  </datafield>
  <datafield tag="337" ind1=" " ind2=" ">
    <subfield code="a">unmediated</subfield>
    <subfield code="b">n</subfield>
    <subfield code="2">rdamedia</subfield>
  </datafield>
  <datafield tag="338" ind1=" " ind2=" ">
    <subfield code="a">volume</subfield>
    <subfield code="b">nc</subfield>
    <subfield code="2">rdacarrier</subfield>
  </datafield>
  <datafield tag="500" ind1=" " ind2=" ">
    <subfield code="a">"تنبيه: وضعنا كتاب المغني في اعلى الصحائف والشرح الكبير في أدناها مفصولاً بينهما بخط عرضي."</subfield>
  </datafield>
  <datafield tag="588" ind1=" " ind2=" ">
    <subfield code="a">الوصف يستند الى الجزء الثاني.</subfield>
  </datafield>
  <datafield tag="590" ind1=" " ind2=" ">
    <subfield code="a">في المكتبة: الاجزاء 2،3، 5-12.</subfield>
  </datafield>
  <datafield tag="600" ind1="1" ind2="4">
    <subfield code="a">الخرقي، عمر بن الحسين،</subfield>
    <subfield code="d">-945 او 946.</subfield>
    <subfield code="t">المختصر.</subfield>
  </datafield>
  <datafield tag="600" ind1="1" ind2="4">
    <subfield code="a">ابن قدامة، موفق الدين عبد الله بن احمد،</subfield>
    <subfield code="d">1147-1223.</subfield>
    <subfield code="t">المقنع.</subfield>
  </datafield>
  <datafield tag="600" ind1="1" ind2="0">
    <subfield code="a">Khiraqī, ʻUmar ibn al-Ḥusayn,</subfield>
    <subfield code="d">-945 or 946.</subfield>
    <subfield code="t">Mukhtaṣar.</subfield>
  </datafield>
  <datafield tag="600" ind1="1" ind2="0">
    <subfield code="a">Ibn Qudāmah, Muwaffaq al-Dīn ʻAbd Allāh ibn Aḥmad,</subfield>
    <subfield code="d">1147-1223.</subfield>
    <subfield code="t">Muqniʻ.</subfield>
  </datafield>
  <datafield tag="650" ind1=" " ind2="4">
    <subfield code="a">الفقه الاسلامي</subfield>
    <subfield code="v">اعمال قديمة حتى 1800.</subfield>
  </datafield>
  <datafield tag="650" ind1=" " ind2="4">
    <subfield code="a">المذهب الحنبلي</subfield>
    <subfield code="v">اعمال قديمة حتى 1800.</subfield>
  </datafield>
  <datafield tag="650" ind1=" " ind2="0">
    <subfield code="a">Islamic law</subfield>
    <subfield code="v">Early works to 1800.</subfield>
  </datafield>
  <datafield tag="650" ind1=" " ind2="0">
    <subfield code="a">Hanbalites</subfield>
    <subfield code="v">Early works to 1800.</subfield>
  </datafield>
  <datafield tag="700" ind1="1" ind2="2">
    <subfield code="6">880-06</subfield>
    <subfield code="a">Ibn Qudāmah, ʻAbd al-Raḥmān ibn Muḥammad,</subfield>
    <subfield code="d">1200 or 1201-1283 or 1284.</subfield>
    <subfield code="t">Sharḥ al-Kabīr.</subfield>
  </datafield>
  <datafield tag="700" ind1="0" ind2=" ">
    <subfield code="6">880-07</subfield>
    <subfield code="a">Muḥammad Rashīd Riḍā.</subfield>
    <subfield code="e">compiler.</subfield>
    <subfield code="0">https://lccn.loc.gov/n50047625 ,</subfield>
  </datafield>
  <datafield tag="775" ind1="0" ind2="8">
    <subfield code="6">880-08</subfield>
    <subfield code="i">has designation of edition</subfield>
    <subfield code="4">http://rdaregistry.info/Elements/m/P30133 :</subfield>
    <subfield code="a">Ibn Qudāmah, Muwaffaq al-Dīn ʻAbd Allāh ibn Aḥmad, 1147-1223.</subfield>
    <subfield code="t">Mughnī.</subfield>
    <subfield code="b">al-Ṭabʻah al-thāniyah.</subfield>
    <subfield code="d">Miṣr : Maṭbaʻat al-Manār, 1346-1347 H., [1927-1928? M.]</subfield>
    <subfield code="w">(LEAUB)b23632616</subfield>
  </datafield>
  <datafield tag="852" ind1=" " ind2=" ">
    <subfield code="a">Jafet Library</subfield>
    <subfield code="e">American University of Beirut, Bliss Street, Beirut, Lebanon.‎</subfield>
  </datafield>
  <datafield tag="880" ind1="1" ind2=" ">
    <subfield code="6">100-01/(3/r</subfield>
    <subfield code="a">ابن قدامة، موفق الدين عبد الله بن احمد،</subfield>
    <subfield code="d">1147-1223،</subfield>
    <subfield code="0">https://lccn.loc.gov/n83066615 ,</subfield>
    <subfield code="e">مؤلف. </subfield>
    <subfield code="4">aut.</subfield>
  </datafield>
  <datafield tag="880" ind1=" " ind2=" ">
    <subfield code="6">250-03/(3/r</subfield>
    <subfield code="a">الطبعة الاولى.</subfield>
  </datafield>
  <datafield tag="880" ind1="1" ind2="3">
    <subfield code="6">245-02/(3/r</subfield>
    <subfield code="a">المغني /</subfield>
    <subfield code="c">تأليف الشيخ الإمام العلامة موفق الدين أبي محمد عبد الله بن أحمد بن محمد بن قدامة، المتوفى سنة 620 هـ على مختصر أبي القاسم عمر بن الحسين بن عبد الله بن أحمد الخرقي، المتوفى سنة 334 هـ. ويليه الشرح الكبير على متن المقنع / تأليف الشيخ الإمام العالم العامل شيخ الاسلام وقدوة الانام بقية السلف الكرام شمس الدين ابي الفرج عبد الرحمن بن الشيخ الامام العالم العامل الزاهد أبي عمر محمد بن أحمد ابن قدامة المقدسي، المتوفى سنة 682، كلاهما على مذهب امام الائمة ومحيي السنة أبي عبد الله أحمد بن محمد ابن حنبل الشيباني مع بيان خلاف سائر الائمة وأدلتهم ؛ أشرف على تصحيحها وعلق عليها بعض الحواشي المتممة لتخريج احاديثها ومدارك المذاهب السيد محمد رشيد رضا، منشئ مجلة المنار.</subfield>
  </datafield>
  <datafield tag="880" ind1=" " ind2="1">
    <subfield code="6">264-04/(3/r</subfield>
    <subfield code="a">مصر :</subfield>
    <subfield code="b">مطبعة المنار،</subfield>
    <subfield code="c">1345-1348هـ.، [1926-1929؟ م.]</subfield>
  </datafield>
  <datafield tag="880" ind1=" " ind2=" ">
    <subfield code="6">300-05/(3/r</subfield>
    <subfield code="a">12 جزء ؛</subfield>
    <subfield code="c">28 سم</subfield>
  </datafield>
  <datafield tag="880" ind1="1" ind2="2">
    <subfield code="6">700-06/(3/r</subfield>
    <subfield code="a">ابن قدامة، عبد الرحمن بن محمد،</subfield>
    <subfield code="d">1200 او 1201-1283 او 1284.</subfield>
    <subfield code="t">الشرح الكبير.</subfield>
  </datafield>
  <datafield tag="880" ind1="0" ind2=" ">
    <subfield code="6">700-07/(3/r</subfield>
    <subfield code="a">محمد رشيد رضا،</subfield>
    <subfield code="0">https://lccn.loc.gov/n50047625 ,</subfield>
    <subfield code="e">معد. </subfield>
    <subfield code="4">com.</subfield>
  </datafield>
  <datafield tag="880" ind1="0" ind2="8">
    <subfield code="6">775-08/(3/r</subfield>
    <subfield code="i">دلالة على الطبعة</subfield>
    <subfield code="4">http://rdaregistry.info/Elements/m/P30133 :</subfield>
    <subfield code="a">ابن قدامة المقدسي، ابو محمد عبد الله بن احمد، 1147-1223.</subfield>
    <subfield code="t">المغني.</subfield>
    <subfield code="b">الطبعة الثانية.</subfield>
    <subfield code="d">مصر : مطبعة المنار، 1346-1347 هـ.، [1927-1928؟ م.]</subfield>
    <subfield code="w">(LEAUB)b23632616</subfield>
  </datafield>
  <datafield tag="907" ind1=" " ind2=" ">
    <subfield code="a">.b12429934</subfield>
    <subfield code="b">19-08-19</subfield>
    <subfield code="c">11-05-24</subfield>
  </datafield>
  <datafield tag="907" ind1=" " ind2=" ">
    <subfield code="a">.b12429934</subfield>
    <subfield code="b">11-10-21</subfield>
    <subfield code="c">11-05-24</subfield>
  </datafield>
  <datafield tag="945" ind1=" " ind2=" ">
    <subfield code="f">J</subfield>
    <subfield code="a">349.297:I137mA:v.2:c.1</subfield>
    <subfield code="i">01017643</subfield>
    <subfield code="j">.i12901805</subfield>
    <subfield code="l">u0503</subfield>
  </datafield>
  <datafield tag="945" ind1=" " ind2=" ">
    <subfield code="f">J</subfield>
    <subfield code="a">349.297:I137mA:v.3:c.1</subfield>
    <subfield code="i">01017644</subfield>
    <subfield code="j">.i12901817</subfield>
    <subfield code="l">u0503</subfield>
  </datafield>
  <datafield tag="945" ind1=" " ind2=" ">
    <subfield code="f">J</subfield>
    <subfield code="a">349.297:I137mA:v.5:c.1</subfield>
    <subfield code="i">01017646</subfield>
    <subfield code="j">.i12901830</subfield>
    <subfield code="l">u0503</subfield>
  </datafield>
  <datafield tag="945" ind1=" " ind2=" ">
    <subfield code="f">J</subfield>
    <subfield code="a">349.297:I137mA:v.6:c.1</subfield>
    <subfield code="i">01017647</subfield>
    <subfield code="j">.i12901842</subfield>
    <subfield code="l">u0503</subfield>
  </datafield>
  <datafield tag="945" ind1=" " ind2=" ">
    <subfield code="f">J</subfield>
    <subfield code="a">349.297:I137mA:v.7:c.1</subfield>
    <subfield code="i">01017648</subfield>
    <subfield code="j">.i12901854</subfield>
    <subfield code="l">u0503</subfield>
  </datafield>
  <datafield tag="945" ind1=" " ind2=" ">
    <subfield code="f">J</subfield>
    <subfield code="a">349.297:I137mA:v.8:c.1</subfield>
    <subfield code="i">01017649</subfield>
    <subfield code="j">.i12901866</subfield>
    <subfield code="l">u0503</subfield>
  </datafield>
  <datafield tag="945" ind1=" " ind2=" ">
    <subfield code="f">J</subfield>
    <subfield code="a">349.297:I137mA:v.9:c.1</subfield>
    <subfield code="i">00462981</subfield>
    <subfield code="j">.i12901878</subfield>
    <subfield code="l">u0503</subfield>
  </datafield>
  <datafield tag="945" ind1=" " ind2=" ">
    <subfield code="f">J</subfield>
    <subfield code="a">349.297:I137mA:v.10:c.1</subfield>
    <subfield code="i">01017651</subfield>
    <subfield code="j">.i1290188x</subfield>
    <subfield code="l">u0503</subfield>
  </datafield>
  <datafield tag="945" ind1=" " ind2=" ">
    <subfield code="f">J</subfield>
    <subfield code="a">349.297:I137mA:v.11:c.1</subfield>
    <subfield code="i">01017652</subfield>
    <subfield code="j">.i12901891</subfield>
    <subfield code="l">u0503</subfield>
  </datafield>
  <datafield tag="945" ind1=" " ind2=" ">
    <subfield code="f">J</subfield>
    <subfield code="a">349.297:I137mA:v.12:c.1</subfield>
    <subfield code="i">01017654</subfield>
    <subfield code="j">.i12901908</subfield>
    <subfield code="l">u0503</subfield>
  </datafield>
  <datafield tag="998" ind1=" " ind2=" ">
    <subfield code="a">u05</subfield>
    <subfield code="b">97-04-26</subfield>
    <subfield code="c">m</subfield>
    <subfield code="d">a  </subfield>
    <subfield code="e">-</subfield>
    <subfield code="f">ara</subfield>
    <subfield code="g">ua </subfield>
    <subfield code="h">0</subfield>
    <subfield code="i">13</subfield>
  </datafield>
</record>
</collection>
